%% This BibTeX bibliography file was created using BibDesk.
%% http://bibdesk.sourceforge.net/


%% Created for Ioannis Agadakos at 2016-07-13 22:34:59 -0400 


%% Saved with string encoding Unicode (UTF-8) 



@inproceedings{zhang2013practical,
	Author = {Zhang, Chao and Wei, Tao and Chen, Zhaofeng and Duan, Lei and Szekeres, Laszlo and McCamant, Stephen and Song, Dawn and Zou, Wei},
	Booktitle = {Security and Privacy (SP), 2013 IEEE Symposium on},
	Date-Added = {2016-07-14 02:34:46 +0000},
	Date-Modified = {2016-07-14 02:34:56 +0000},
	Title = {Practical control flow integrity and randomization for binary executables},
	Year = {2013}}

@inproceedings{zhang2013control,
	Author = {Zhang, Mingwei and Sekar, R},
	Booktitle = {Presented as part of the 22nd USENIX Security Symposium (USENIX Security 13)},
	Date-Added = {2016-07-14 02:33:35 +0000},
	Date-Modified = {2016-07-14 02:33:43 +0000},
	Title = {Control flow integrity for COTS binaries},
	Year = {2013}}

@inproceedings{jang2014safedispatch,
	Author = {Jang, Dongseok and Tatlock, Zachary and Lerner, Sorin},
	Booktitle = {NDSS},
	Date-Added = {2016-07-14 02:29:13 +0000},
	Date-Modified = {2016-07-14 02:29:13 +0000},
	Title = {SafeDispatch: Securing C++ Virtual Calls from Memory Corruption Attacks.},
	Year = {2014}}

@inproceedings{tice2014enforcing,
	Author = {Tice, Caroline and Roeder, Tom and Collingbourne, Peter and Checkoway, Stephen and Erlingsson, {\'U}lfar and Lozano, Luis and Pike, Geoff},
	Booktitle = {23rd USENIX Security Symposium (USENIX Security 14)},
	Date-Added = {2016-07-14 02:07:18 +0000},
	Date-Modified = {2016-07-14 02:07:31 +0000},
	Title = {Enforcing forward-edge control-flow integrity in GCC \& LLVM},
	Year = {2014}}

@inproceedings{Abadi:2005:CI:1102120.1102165,
	Author = {Abadi, Mart\'{\i}n and Budiu, Mihai and Erlingsson, \'{U}lfar and Ligatti, Jay},
	Booktitle = {Proceedings of the 12th ACM Conference on Computer and Communications Security},
	Date-Added = {2016-07-14 02:05:08 +0000},
	Date-Modified = {2016-07-14 02:06:26 +0000},
	Keywords = {binary rewriting, control-flow graph, inlined reference monitors, vulnerabilities},
	Publisher = {ACM},
	Series = {CCS },
	Title = {Control-flow Integrity},
	Year = {2005},
	Bdsk-Url-1 = {http://doi.acm.org/10.1145/1102120.1102165},
	Bdsk-Url-2 = {http://dx.doi.org/10.1145/1102120.1102165}}
